% This file was created with Citavi 6.15.2.2

@article{.,
 title = {Mise en page 1},
 file = {SSRN-id2730550:Attachments/SSRN-id2730550.pdf:application/pdf}
}


@book{.2018,
 year = {2018},
 title = {Digitalisierung--Auswirkungen auf das Individuum},
 url = {https://www.transwork.de/wp-content/uploads/2018/02/hummert-traum-m%c3%bcller-nerdinger-2017.-digitalisierung-%e2%80%93-auswirkungen-auf-das-individuum.pdf},
 file = {DigitalisierungAuswirkungen auf das Individuum:Attachments/DigitalisierungAuswirkungen auf das Individuum.pdf:application/pdf}
}


@incollection{Schallmo.,
 author = {Schallmo, Daniel R. A.},
 title = {Digitale Transformation von Gesch{\"a}ftsmodellen},
 pages = {3--8},
 doi = {10.1007/978-3-658-14569-9 {\textunderscore }2},
 file = {Digitale Transformation von Geschaftsmodellen:Attachments/Digitale Transformation von Geschaftsmodellen.pdf:application/pdf}
}


@article{Afonasova.2019,
 author = {Afonasova, Margarita A. and Panfilova, Elena E. and Galichkina, Marina A. and {\'S}lusarczyk, Beata},
 year = {2019},
 title = {Digitalization in Economy and Innovation: The Effect on Social and Economic Processes},
 pages = {22--32},
 volume = {19},
 number = {2},
 issn = {2081-7452},
 journal = {Polish Journal of Management Studies},
 doi = {10.17512/pjms.2019.19.2.02 },
 file = {Digitalization in Economy and Innovation The Effect on S:Attachments/Digitalization in Economy and Innovation The Effect on S.pdf:application/pdf}
}


@article{Bengler.2016,
 author = {Bengler, Klaus and Schmauder, Martin},
 year = {2016},
 title = {Digitalisierung},
 pages = {75--76},
 volume = {70},
 number = {2},
 issn = {2366-4681},
 journal = {Zeitschrift f{\"u}r Arbeitswissenschaft},
 doi = {10.1007/s41449-016-0021-z },
 file = {Digitalisierung:Attachments/Digitalisierung.pdf:application/pdf}
}


@article{DORDUNCU.2021,
 author = {DORDUNCU, Hazar and ORU{\c{C}}, Zemzem Selin},
 year = {2021},
 title = {INDUSTRY 4.0, DIGITALIZATION, AND BIG DATA: PERSPECTIVE OF LOGISTICS AND SUPPLY CHAIN MANAGEMENT},
 pages = {170--180},
 volume = {30},
 number = {3},
 journal = {{\c{C}}ukurova {\"U}niversitesi Sosyal Bilimler Enstit{\"u}s{\"u} Dergisi},
 doi = {10.35379/cusosbil.974810},
 file = {INDUSTRY 40 DIGITALIZATION AND BIG DATA PERSPECTIVE OF L:Attachments/INDUSTRY 40 DIGITALIZATION AND BIG DATA PERSPECTIVE OF L.pdf:application/pdf}
}


@misc{GablerWirtschaftslexikon.5312023,
 abstract = {Lexikon Online ᐅRevision von Digitalisierung vom Di., 13.07.2021 - 14:25: Der Begriff der Digitalisierung hat mehrere Bedeutungen. Er kann die digitale Umwandlung und Darstellung bzw. Durchf{\"u}hrung von Information und Kommunikation oder die digitale Modifikation von Instrumenten, Ger{\"a}ten und Fahrzeugen ebenso meinen wie die digitale Revolution, die auch als dritte},
 author = {{Gabler Wirtschaftslexikon}},
 year = {5/31/2023},
 title = {Revision von Digitalisierung vom Di., 13.07.2021 - 14:25 • Definition | Gabler Wirtschaftslexikon},
 url = {https://wirtschaftslexikon.gabler.de/definition/digitalisierung-54195/version-384620},
 keywords = {Digitale Revolution;Digitale Wende;Digitaler Wandel;Digitalisierung;Dritte Revolution},
 urldate = {5/31/2023}
}


@article{Heidlund.2023,
 author = {Heidlund, Marcus and Sundberg, Leif},
 year = {2023},
 title = {What is the value of digitalization? Strategic narratives in local government},
 pages = {1--17},
 issn = {15701255},
 journal = {Information Polity},
 doi = {10.3233/IP-220063},
 file = {WhatistheValueofDigitalization:Attachments/WhatistheValueofDigitalization.pdf:application/pdf}
}


@article{Jarke.2018,
 author = {Jarke, Juliane},
 year = {2018},
 title = {Digitalisierung und Gesellschaft},
 pages = {3--20},
 volume = {41},
 number = {1},
 issn = {0343-4109},
 journal = {Soziologische Revue},
 doi = {10.1515/srsr-2018-0002}
}


@book{JasonBloomberg.2018,
 author = {{Jason Bloomberg}},
 year = {2018},
 title = {Digitization, digitalization, and digital transformation: confuse them at your peril},
 url = {https://moniquebabin.com/wp-content/uploads/articulate_uploads/going-digital4/story_content/external_files/digitization%20digitalization%20and%20digital%20transformation%20confusion.pdf},
 file = {Digitization digitalization and digital transformation c:Attachments/Digitization digitalization and digital transformation c.pdf:application/pdf}
}


@article{Matouskova.2022b,
 author = {Matou{\v{s}}kov{\'a}, Dana},
 year = {2022},
 title = {Digitalization and Its Impact on Business},
 pages = {51--67},
 volume = {18},
 number = {2},
 issn = {2415-9883},
 journal = {Theory, Methodology, Practice},
 doi = {10.18096/TMP.2022.02.03}
}


@article{Nevmatulina.2022,
 author = {Nevmatulina, K. and Nabiyev, Ye. and Shakeyev, S.},
 year = {2022},
 title = {Digitalization of the economy in the context of globalization and its impact on socio-cultural changes in society},
 pages = {60--72},
 number = {2},
 issn = {27894320},
 journal = {ECONOMIC SERIES OF THE BULLETIN OF THE L.N. GUMILYOV ENU},
 doi = {10.32523/2789-4320-2022-2-60-72},
 file = {Digitalization of the economy in the context of globaliz:Attachments/Digitalization of the economy in the context of globaliz.pdf:application/pdf}
}


@article{Parviainen.2017,
 abstract = {Digitalization has been identified as one of the major trends changing society and business. Digitalization causes changes for companies due to the adoption of digital technologies in the organization or in the operation environment. This paper discusses digitalization from the viewpoint of diverse case studies carried out to collect data from several companies, and a literature study to complement the data. This paper describes the first version of the digital transformation model, derived from synthesis of these industrial cases, explaining a starting point for a systematic approach to tackle digital transformation. The model is aimed to help companies systematically handle the changes associated with digitalization. The model consists of four main steps, starting with positioning the company in digitalization and defining goals for the company, and then analyzing the company's current state with respect to digitalization goals. Next, a roadmap for reaching the goals is defined and implemented in the company. These steps are iterative and can be repeated several times. Although company situations vary, these steps will help to systematically approach digitalization and to take the steps necessary to benefit from it.},
 author = {Parviainen, P{\"a}ivi and Tihinen, Maarit and K{\"a}{\"a}ri{\"a}inen, Jukka and Teppola, Susanna},
 year = {2017},
 title = {Tackling the digitalization challenge: how to benefit from digitalization in practice},
 url = {https://revistas.uminho.pt/index.php/ijispm/article/view/3856},
 keywords = {case studies;digital transformation;digitalization;systematic change;transformation method},
 pages = {63--77},
 volume = {5},
 number = {1},
 journal = {International Journal of Information Systems and Project Management},
 doi = {10.12821/ijispm050104 },
 file = {Tackling the digitalization challenge how to benefit fro:Attachments/Tackling the digitalization challenge how to benefit fro.pdf:application/pdf}
}


@article{Turel.2021,
 author = {Turel, Ofir and Qahri-Saremi, Hamed and Vaghefi, Isaac},
 year = {2021},
 title = {Special Issue: Dark Sides of Digitalization},
 pages = {127--135},
 volume = {25},
 number = {2},
 issn = {1086-4415},
 journal = {International Journal of Electronic Commerce},
 doi = {10.1080/10864415.2021.1887694  }
}


@article{vanAckeren.2019,
 author = {{van Ackeren}, Isabell and Aufenanger, Stefan and Eickelmann, Birgit and Friedrich, Steffen and Kammerl, Rudolf and Knopf, Julia and Mayrberger, Kerstin and Scheika, Heike and Scheiter, Katharina and Schiefner-Rohs, Mandy},
 year = {2019},
 title = {Digitalisierung in der Lehrerbildung. Herausforderungen, Entwicklungsfelder und F{\"o}rderung von Gesamtkonzepten},
 pages = {103--119},
 volume = {111},
 number = {1},
 issn = {00120731},
 journal = {DDS -- Die Deutsche Schule},
 doi = {10.31244/dds.2019.01.10  },
 file = {Digitalisierung in der Lehrerbildung Herausforderungen E:Attachments/Digitalisierung in der Lehrerbildung Herausforderungen E.pdf:application/pdf}
}


